@inproceedings{christensen2020digital,
  title={Digital Voice Assistants: A new kind of user agent},
  author={Christensen, Anders T and Olesen, Henning and S{\o}rensen, Lene},
  booktitle={2020 13th CMI Conference on Cybersecurity and Privacy (CMI)-Digital Transformation-Potentials and Challenges (51275)},
  pages={1--6},
  year={2020},
  organization={IEEE}
}

@inproceedings{sangpal2019jarvis,
  title={JARVIS: An interpretation of AIML with integration of gTTS and Python},
  author={Sangpal, Ravivanshikumar and Gawand, Tanvee and Vaykar, Sahil and Madhavi, Neha},
  booktitle={2019 2nd International Conference on Intelligent Computing, Instrumentation and Control Technologies (ICICICT)},
  volume={1},
  pages={486--489},
  year={2019},
  organization={IEEE}
}

@inproceedings{subhash2020artificial,
  title={Artificial intelligence-based voice assistant},
  author={Subhash, S and Srivatsa, Prajwal N and Siddesh, S and Ullas, A and Santhosh, B},
  booktitle={2020 Fourth world conference on smart trends in systems, security and sustainability (WorldS4)},
  pages={593--596},
  year={2020},
  organization={IEEE}
}

@inproceedings{akash2022desktop,
  title={Desktop based Smart Voice Assistant using Python Language Integrated with Arduino},
  author={Akash, S and Jayaram, Neeraj and Jesudoss, A},
  booktitle={2022 6th International Conference on Intelligent Computing and Control Systems (ICICCS)},
  pages={374--379},
  year={2022},
  organization={IEEE}
}

@inproceedings{kumar2022voice,
  title={VOICE ASSISTANT USING PYTHON},
  author={Kumar, Aabhas and Kaur, Damandep and Pathak, Abhishek Kumar},
  booktitle={2022 International Conference on Cyber Resilience (ICCR)},
  pages={1--4},
  year={2022},
  organization={IEEE}
}

@inproceedings{dinesh2022artificial,
  title={Artificial Intelligence based Vision and Voice Assistant},
  author={Dinesh, RS Sai and Surendran, R and Kathirvelan, D and Logesh, V},
  booktitle={2022 International Conference on Electronics and Renewable Systems (ICEARS)},
  pages={1478--1483},
  year={2022},
  organization={IEEE}
}

@inproceedings{sati2022intelligent,
  title={An Intelligent Virtual System using Machine Learning},
  author={Sati, Bhawana and Kumar, Sameer and Rana, Karan and Saikia, Kuhil and Sahana, Subrata and Das, Sanjoy},
  booktitle={2022 IEEE IAS Global Conference on Emerging Technologies (GlobConET)},
  pages={1123--1129},
  year={2022},
  organization={IEEE}
}

@inproceedings{overstreet2019penetration,
  title={Penetration testing of the amazon echo digital voice assistant using a denial-of-service attack},
  author={Overstreet, Dain and Wimmer, Hayden and Haddad, Rami J},
  booktitle={2019 SoutheastCon},
  pages={1--6},
  year={2019},
  organization={IEEE}
}

@inproceedings{kumaran2020intelligent,
  title={Intelligent Personal Assistant-Implementing Voice Commands enabling Speech Recognition},
  author={Kumaran, N and Rangaraj, V and Dhanalakshmi, R and others},
  booktitle={2020 International conference on system, computation, automation and networking (ICSCAN)},
  pages={1--5},
  year={2020},
  organization={IEEE}
}

@inproceedings{iannizzotto2018vision,
  title={A vision and speech enabled, customizable, virtual assistant for smart environments},
  author={Iannizzotto, Giancarlo and Bello, Lucia Lo and Nucita, Andrea and Grasso, Giorgio Mario},
  booktitle={2018 11th International Conference on Human System Interaction (HSI)},
  pages={50--56},
  year={2018},
  organization={IEEE}
}

@inproceedings{de2022voice,
  title={Voice-Assistant Liveness Analysis},
  author={De, Shilpa and Kumar, Vishwas and Reddy, Ram},
  booktitle={2022 IEEE Silchar Subsection Conference (SILCON)},
  pages={1--5},
  year={2022},
  organization={IEEE}
}

@inproceedings{rajakumar2022iot,
  title={IoT Based Voice Assistant using Raspberry Pi and Natural Language Processing},
  author={Rajakumar, P and Suresh, K and Boobalan, M and Gokul, M and Kumar, G Darun and Archana, R},
  booktitle={2022 International Conference on Power, Energy, Control and Transmission Systems (ICPECTS)},
  pages={1--4},
  year={2022},
  organization={IEEE}
}

@inproceedings{buchta2022nux,
  title={NUX Characters-interaction with voice assistants in Virtual Reality},
  author={Buchta, Karolina and W{\'o}jcik, Piotr and Nakonieczny, Konrad and Janicka, Justyna and Igras-Cybulska, Magdalena},
  booktitle={2022 IEEE International Symposium on Mixed and Augmented Reality Adjunct (ISMAR-Adjunct)},
  pages={917--918},
  year={2022},
  organization={IEEE}
}

@inproceedings{yadlapally2023review,
  title={A Review on the Potential of AI Voice Assistants for Personalized and Adaptive Learning in Education},
  author={Yadlapally, Dhanush Kumar and Vasireddy, Bhavana and Marimganti, Madhumitha and Chowdary, Teja and Karthikeyan, C and Vignesh, T},
  booktitle={2023 7th International Conference on Computing Methodologies and Communication (ICCMC)},
  pages={422--427},
  year={2023},
  organization={IEEE}
}

@inproceedings{klein2020measuring,
  title={Measuring user experience quality of voice assistants},
  author={Klein, Andreas M and Hinderks, Andreas and Schrepp, Martin and Thomaschewski, J{\"o}rg},
  booktitle={2020 15th Iberian Conference on Information Systems and Technologies (CISTI)},
  pages={1--4},
  year={2020},
  organization={IEEE}
}

@inproceedings{rajkumarpillay2022implementing,
  title={Implementing an Artificial Intelligence based Ideal form of Virtual Personal Assistant Design for Various Communication Medium},
  author={RajkumarPillay, D and Binda, MB and Krishna, ManamVamsi and Saravanan, A and Raja, Archana and Saxena, Pankaj},
  booktitle={2022 3rd International Conference on Electronics and Sustainable Communication Systems (ICESC)},
  pages={1366--1371},
  year={2022},
  organization={IEEE}
}

@inproceedings{swamy2022voice,
  title={Voice and Gesture based Virtual Desktop Assistant for Physically Challenged People},
  author={Swamy, Tata Jagannadha and Nandini, M and Nandini, B and Anvitha, V Laxmi and Sunitha, Ch and others},
  booktitle={2022 6th International Conference on Trends in Electronics and Informatics (ICOEI)},
  pages={222--226},
  year={2022},
  organization={IEEE}
}

@inproceedings{shang2020voice,
  title={Voice liveness detection for voice assistants using ear canal pressure},
  author={Shang, Jiacheng and Wu, Jie},
  booktitle={2020 IEEE 17th International Conference on Mobile Ad Hoc and Sensor Systems (MASS)},
  pages={693--701},
  year={2020},
  organization={IEEE}
}

@inproceedings{vassilev2020two,
  title={Two-factor authentication for voice assistance in digital banking using public cloud services},
  author={Vassilev, Vassil and Phipps, Anthony and Lane, Matthew and Mohamed, Khalid and Naciscionis, Artur},
  booktitle={2020 10th International Conference on Cloud Computing, Data Science \& Engineering (Confluence)},
  pages={404--409},
  year={2020},
  organization={IEEE}
}

@inproceedings{ahmed2022mfcc,
  title={An MFCC-based Secure Framework for Voice Assistant Systems},
  author={Ahmed, Syed Fahad and Jaffari, Rabeea and Ahmed, Syed Saad and Jawaid, Moazzam and Talpur, Shahnawaz},
  booktitle={2022 International Conference on Cyber Warfare and Security (ICCWS)},
  pages={57--61},
  year={2022},
  organization={IEEE}
}
